<?xml version="1.0" encoding="utf-8"?>
<record xmlns="http://www.loc.gov/MARC21/slim" xmlns:xsi="http://www.w3.org/2001/XMLSchema-instance" xsi:schemaLocation="http://www.loc.gov/MARC21/slim http://www.loc.gov/standards/marcxml/schema/MARC21slim.xsd">
	<leader>     nam a22     Mi 4500</leader>
	<controlfield tag="001">b12523604</controlfield>
	<controlfield tag="003">LeBAU</controlfield>
	<controlfield tag="006">m        d        </controlfield>
	<controlfield tag="007">cr cn |||m|||a</controlfield>
	<controlfield tag="008">200122s1932    ua      o     ||0 0 ara d</controlfield>
	<datafield ind1=" " ind2=" " tag="040">
		<subfield code="a">ZYU</subfield>
		<subfield code="b">ara</subfield>
		<subfield code="e">rda</subfield>
		<subfield code="c">ZYU</subfield>
	</datafield>
	<datafield ind1="1" ind2=" " tag="041">
		<subfield code="a">ara</subfield>
		<subfield code="k">fre</subfield>
		<subfield code="h">grc</subfield>
	</datafield>
	<datafield ind1="0" ind2="4" tag="082">
		<subfield code="a">888.5</subfield>
		<subfield code="2">20</subfield>
	</datafield>
	<datafield ind1="0" ind2=" " tag="100">
		<subfield code="6">880-01</subfield>
		<subfield code="a">Aristotle,</subfield>
		<subfield code="e">author.</subfield>
	</datafield>
	<datafield ind1="1" ind2="0" tag="240">
		<subfield code="a">De generatione et corruptione.</subfield>
		<subfield code="l">Arabic</subfield>
	</datafield>
	<datafield ind1="1" ind2="3" tag="245">
		<subfield code="6">880-02</subfield>
		<subfield code="a">al-Kawn wa-al-Fasād ;</subfield>
		<subfield code="b">yatlūh kitāb &quot;Fī Mīlīsūs wa-fī Iksīnūfān wa-fī Ghrīghiyās&quot; /</subfield>
		<subfield code="c">li-Arisṭūṭālīs ; tarjamahā min al-Ighrīqīyah ilá al-Faransīyah wa-ṣaddarahā bi-muqaddimah fī tārīkh al-falsafah al-Ighrīqīyah wa-ʻallaqa ʻalayhimā taʻlīqāt mutatābiʻah Bārtilmī Sānt'hilīr, ustādh al-falsafah al-Ighrīqīyah fī &quot;Kulīj Dī Frans&quot; thumma wazīr al-khārijīyah al-Faransīyah ; wa-naqalahumā ilá al-ʻArabīyah Aḥmad Luṭfī al-Sayyid.</subfield>
	</datafield>
	<datafield ind1=" " ind2="1" tag="264">
		<subfield code="6">880-03</subfield>
		<subfield code="a">al-Qāhirah :</subfield>
		<subfield code="b">Lajnat al-Taʼlīf wa-al-Tarjamah wa-al-Nashr,</subfield>
		<subfield code="c">1350 H. = 1932 M.</subfield>
	</datafield>
	<datafield ind1=" " ind2=" " tag="300">
		<subfield code="6">880-04</subfield>
		<subfield code="a">online resource (337 pages)</subfield>
	</datafield>
	<datafield ind1=" " ind2=" " tag="336">
		<subfield code="a">text</subfield>
		<subfield code="2">rdacontent</subfield>
	</datafield>
	<datafield ind1=" " ind2=" " tag="337">
		<subfield code="a">computer</subfield>
		<subfield code="2">rdamedia</subfield>
	</datafield>
	<datafield ind1=" " ind2=" " tag="338">
		<subfield code="a">online resource</subfield>
		<subfield code="2">rdacarrier</subfield>
	</datafield>
	<datafield ind1=" " ind2=" " tag="500">
		<subfield code="a">Part of the Arabic Collections Online (ACO) project, contributed by American University of Beirut's Jafet Memorial Library.</subfield>
	</datafield>
	<datafield ind1=" " ind2=" " tag="533">
		<subfield code="a">Electronic reproduction.</subfield>
		<subfield code="b">New York, N.Y. :</subfield>
		<subfield code="c">New York University,</subfield>
		<subfield code="d">2020.</subfield>
		<subfield code="5">NNU</subfield>
	</datafield>
	<datafield ind1=" " ind2="0" tag="650">
		<subfield code="6">880-05</subfield>
		<subfield code="a">Cosmography</subfield>
		<subfield code="v">Early works to 1800.</subfield>
	</datafield>
	<datafield ind1=" " ind2="0" tag="650">
		<subfield code="6">880-06</subfield>
		<subfield code="a">Philosophy, Ancient</subfield>
		<subfield code="v">Early works to 1800.</subfield>
	</datafield>
	<datafield ind1="1" ind2=" " tag="700">
		<subfield code="6">880-07</subfield>
		<subfield code="a">Sayyid, Aḥmad Luṭfī,</subfield>
		<subfield code="d">1872-1963,</subfield>
		<subfield code="e">translator.</subfield>
	</datafield>
	<datafield ind1="1" ind2=" " tag="700">
		<subfield code="6">880-08</subfield>
		<subfield code="a">Barthélemy Saint-Hilaire, J.</subfield>
		<subfield code="q">(Jules),</subfield>
		<subfield code="d">1805-1895,</subfield>
		<subfield code="e">compiler.</subfield>
	</datafield>
	<datafield ind1="0" ind2="2" tag="700">
		<subfield code="6">880-09</subfield>
		<subfield code="a">Aristotle.</subfield>
		<subfield code="t">Fī Mīlīsūs wa-fī Iksīnūfān wa-fī Ghrīghiyās.</subfield>
	</datafield>
	<datafield ind1="2" ind2=" " tag="710">
		<subfield code="a">Jafet Memorial Library.</subfield>
	</datafield>
	<datafield ind1="0" ind2=" " tag="730">
		<subfield code="a">Arabic Collections Online.</subfield>
	</datafield>
	<datafield ind1="0" ind2="8" tag="775">
		<subfield code="6">880-10</subfield>
		<subfield code="i">has designation of edition</subfield>
		<subfield code="4">http://rdaregistry.info/Elements/m/P30133:</subfield>
		<subfield code="t">al-Kawn wa-al-Fasād ; yatlūh kitāb &quot;Fī Mīlīsūs wa-fī Iksīnūfān wa-fī Ghrīghiyās&quot;.</subfield>
		<subfield code="d">[al-Qāhirah] : al-Dār al-Qawmīyah lil-Ṭibāʻah wa-al-Nashr, [between 1970 and 1990?]</subfield>
		<subfield code="w">b19027072</subfield>
	</datafield>
	<datafield ind1="0" ind2="8" tag="776">
		<subfield code="i">Print version:</subfield>
		<subfield code="a">Aristotle, author.</subfield>
		<subfield code="t">al-Kawn wa-al-Fasād ;</subfield>
		<subfield code="w">(LeBAU)b12523604</subfield>
	</datafield>
	<datafield ind1="4" ind2="0" tag="856">
		<subfield code="u">http://hdl.handle.net/2333.1/70rxwpm6</subfield>
	</datafield>
	<datafield ind1="0" ind2=" " tag="880">
		<subfield code="6">100-01</subfield>
		<subfield code="a">ارسطوطاليس،</subfield>
		<subfield code="e">مؤلف.</subfield>
		<subfield code="4">aut.</subfield>
	</datafield>
	<datafield ind1="1" ind2="2" tag="880">
		<subfield code="6">245-02</subfield>
		<subfield code="a">الكون والفساد ؛</subfield>
		<subfield code="b">يتلوه كتاب &quot;في ميليسوس وفي إكسينوفان وفي غرغياس&quot; /</subfield>
		<subfield code="c">لأرسطوطاليس ؛ ترجمها من الإغريقية إلى الفرنسية وصدرها بمقدمة في تاريخ الفلسفة الإغريقية وعلق عليهما تعليقات متتابعة بارتملي سانتهلير، أستاذ الفلسفة الإغريقية في &quot;كليج دي فرنس&quot; ثم وزير الخارجية الفرنسية ؛ ونقلهما إلى العربية أحمد لطفي السيد.</subfield>
	</datafield>
	<datafield ind1=" " ind2="1" tag="880">
		<subfield code="6">264-03</subfield>
		<subfield code="a">القاهرة :</subfield>
		<subfield code="b">لجنة التأليف والترجمة والنشر،</subfield>
		<subfield code="c">1350 هـ. = 1932 م.</subfield>
	</datafield>
	<datafield ind1=" " ind2=" " tag="880">
		<subfield code="6">300-04</subfield>
		<subfield code="a">337 صفحة ؛</subfield>
		<subfield code="c">29 سم</subfield>
	</datafield>
	<datafield ind1=" " ind2="4" tag="880">
		<subfield code="6">650-05</subfield>
		<subfield code="a">الكون</subfield>
		<subfield code="v">اعمال قديمة حتى 1800.</subfield>
	</datafield>
	<datafield ind1=" " ind2="4" tag="880">
		<subfield code="6">650-06</subfield>
		<subfield code="a">الفلسفة القديمة</subfield>
		<subfield code="v">اعمال قديمة حتى 1800.</subfield>
	</datafield>
	<datafield ind1="1" ind2=" " tag="880">
		<subfield code="6">700-07</subfield>
		<subfield code="a">السيد، احمد لطفي،</subfield>
		<subfield code="d">1872-1963،</subfield>
		<subfield code="e">مترجم.</subfield>
		<subfield code="4">trl.</subfield>
	</datafield>
	<datafield ind1="1" ind2=" " tag="880">
		<subfield code="6">700-08</subfield>
		<subfield code="a">بارتيلمي-سانت-هيلير، ج.</subfield>
		<subfield code="q">(جولز)،</subfield>
		<subfield code="d">1805-1895،</subfield>
		<subfield code="e">معد.</subfield>
		<subfield code="4">com.</subfield>
	</datafield>
	<datafield ind1="0" ind2="2" tag="880">
		<subfield code="6">700-09</subfield>
		<subfield code="a">ارسطوطاليس.</subfield>
		<subfield code="t">في ميليسوس وفي إكسينوفان وفي غرغياس.</subfield>
	</datafield>
	<datafield ind1="0" ind2="8" tag="880">
		<subfield code="6">775-10</subfield>
		<subfield code="i">دلالة على الطبعة</subfield>
		<subfield code="4">http://rdaregistry.info/Elements/m/P30133 :</subfield>
		<subfield code="t">الكون والفساد ؛ يتلوه كتاب &quot;في ميليسوس وفي إكسينوفان وفي غرغياس&quot;.</subfield>
		<subfield code="d">[القاهرة] : الدار القومية للطباعة والنشر، [ما بين 1970 و 1990؟]</subfield>
		<subfield code="w">b19027072</subfield>
	</datafield>
	<datafield ind1=" " ind2=" " tag="959">
		<subfield code="a">NNU</subfield>
		<subfield code="b">WEB</subfield>
		<subfield code="c">GENI</subfield>
		<subfield code="t">0</subfield>
		<subfield code="m">Electronic access</subfield>
		<subfield code="s">01</subfield>
	</datafield>
	<datafield ind1=" " ind2=" " tag="999">
		<subfield code="i">LeBAU_b12523604</subfield>
		<subfield code="s">aub_aco002875</subfield>
		<subfield code="e">(ERROR-880)(ERROR-MISC)</subfield>
		<subfield code="s">aub_aco002875</subfield>
	</datafield>
</record>
